@article{kerkhove2017optimised,
  title={Optimised scheduling for weather sensitive offshore construction projects},
  author={Kerkhove, L-P and Vanhoucke, Mario},
  journal={Omega},
  volume={66},
  pages={58--78},
  year={2017},
  publisher={Elsevier}
}

@article{barlow2018mixed,
  title={A mixed-method optimisation and simulation framework for supporting logistical decisions during offshore wind farm installations},
  author={Barlow, Euan and {\"O}zt{\"u}rk, Diclehan Tezcaner and Revie, Matthew and Akartunal{\i}, Kerem and Day, Alexander H and Boulougouris, Evangelos},
  journal={European Journal of Operational Research},
  volume={264},
  number={3},
  pages={894--906},
  year={2018},
  publisher={Elsevier}
}

@inproceedings{barlow2014assessment,
  title={An assessment of vessel characteristics for the installation of offshore wind farms},
  author={Barlow, E and Tezcaner {\"O}zt{\"u}rk, D and Day, S and Boulougouris, E and Revie, M and Akartunal{\i}, K},
  booktitle={International Conference on Marine Technology ICMT 2014},
  year={2014}
}

@article{barlow2017using,
  title={On using simulation to model the installation process logistics for an offshore wind farm},
  author={Barlow, Euan and Tezcaner {\"O}zt{\"u}rk, Diclehan and Revie, Matthew and Akartunal{\i}, Kerem and Day, Alexander and Boulougouris, Evangelos},
  year={2017},
  publisher={University of Strathclyde}
}

@article{barlow2014support,
  title={A support tool for assessing the risks of heavy lift vessel logistics in the installation of offshore wind farms},
  author={Barlow, E and Tezcaner {\"O}zt{\"u}rk, D and Day, AH and Boulougouris, E and Revie, M and Akartunal{\i}, K},
  journal={Marine Heavy Transport \& Lift IV},
  year={2014}
}

@article{herroelen2005project,
  title={Project scheduling under uncertainty: Survey and research potentials},
  author={Herroelen, Willy and Leus, Roel},
  journal={European Journal of Operational Research},
  volume={165},
  number={2},
  pages={289--306},
  year={2005},
  publisher={Elsevier}
}

@article{artigues2000polynomial,
  title={A polynomial activity insertion algorithm in a multi-resource schedule with cumulative constraints and multiple modes},
  author={Artigues, Christian and Roubellat, Francois},
  journal={European Journal of Operational Research},
  volume={127},
  number={2},
  pages={297--316},
  year={2000},
  publisher={Elsevier}
}

@article{sevaux2002genetic,
  title={Genetic algorithm for robust schedules},
  author={Sevaux, Marc and SÃ¶rensen, Kenneth},
  journal={8th International Workshop on Project Management and Scheduling (PMS 2002)},
  pages={330-333},
  year={2002}
}

@article{leggate2010crew,
  title={Modelling crew scheduling in offshore supply vessels},
  author={Leggate, Alex and Sucu, Seda and Akartunali, Kerem and Meer, Robbert van der},
  journal={Journal of the Operational Research Society},
  volume={69},
  number={6},
  pages={959-970},
  year={2018}
}

@article{fisher1981lagrangian,
  title={The Lagrangian relaxation method for solving integer programming problems},
  author={Fisher, Marshall L},
  journal={Management Science},
  volume={27},
  number={1},
  pages={1--18},
  year={1981},
  publisher={INFORMS}
}

@article{barnhart1998branch,
  title={Branch-and-price: Column generation for solving huge integer programs},
  author={Barnhart, Cynthia and Johnson, Ellis L and Nemhauser, George L and Savelsbergh, Martin WP and Vance, Pamela H},
  journal={Operations Research},
  volume={46},
  number={3},
  pages={316--329},
  year={1998},
  publisher={INFORMS}
}

@article{dorndorf1995evolution,
  title={Evolution based learning in a job shop scheduling environment},
  author={Dorndorf, Ulrich and Pesch, Erwin},
  journal={Computers \& Operations Research},
  volume={22},
  number={1},
  pages={25--40},
  year={1995},
  publisher={Elsevier}
}

@article{ruk2017,
   title = {Offshore Wind Project Timelines},
   author={Renewable-UK},
   journal = {https://www.renewableuk.com/news/294516/Offshore-Wind-Project-Timelines.htm},
   year = {2017},
   note = {Accessed: 2019-03-24}
}

@article{kaiser2010offshore,
  title={Offshore wind energy installation and decommissioning cost estimation in the US outer continental shelf},
  author={Kaiser, Mark J and Snyder, Brian},
  journal={US Dept. of the Interior, Bureau of Ocean Energy Management, Regulation and Enforcement, Herndon, VA TA\&R},
  volume={648},
  year={2010},
  publisher={Citeseer}
}

@article{dinwoodie2014operational,
  title={Operational strategies for offshore wind turbines to mitigate failure rate uncertainty on operational costs and revenue},
  author={Dinwoodie, Iain Allan and McMillan, David},
  journal={IET Renewable Power Generation},
  volume={8},
  number={4},
  pages={359--366},
  year={2014},
  publisher={IET}
}

@inproceedings{dinwoodie2012analysis,
  title={Analysis of offshore wind turbine operation and maintenance using a novel time domain meteo-ocean modeling approach},
  author={Dinwoodie, Iain and Quail, F and McMillan, D},
  booktitle={ASME Turbo Expo 2012: Turbine Technical Conference and Exposition},
  pages={847--857},
  year={2012},
  organization={American Society of Mechanical Engineers}
}

@article{merigaud2016condition,
  title={Condition-based maintenance methods for marine renewable energy},
  author={M{\'e}rigaud, Alexis and Ringwood, John V},
  journal={Renewable and Sustainable Energy Reviews},
  volume={66},
  pages={53--78},
  year={2016},
  publisher={Elsevier}
}

@article{perez2013offshore,
  title={Offshore wind farm layout optimization using mathematical programming techniques},
  author={P{\'e}rez, Beatriz and M{\'\i}nguez, Roberto and Guanche, Ra{\'u}l},
  journal={Renewable Energy},
  volume={53},
  pages={389--399},
  year={2013},
  publisher={Elsevier}
}

@incollection{cotta2007memetic,
  title={Memetic algorithms in planning, scheduling, and timetabling},
  author={Cotta, Carlos and Fern{\'a}ndez, Antonio J},
  booktitle={Evolutionary Scheduling},
  pages={1--30},
  year={2007},
  publisher={Springer}
}

@article{williams1992practical,
  title={Practical use of distributions in network analysis},
  author={Williams, TM},
  journal={Journal of the Operational Research Society},
  volume={43},
  number={3},
  pages={265--270},
  year={1992},
  publisher={Springer}
}

@article{mosetti1994optimization,
  title={Optimization of wind turbine positioning in large windfarms by means of a genetic algorithm},
  author={Mosetti, GPCDB and Poloni, Carlo and Diviacco, B},
  journal={Journal of Wind Engineering and Industrial Aerodynamics},
  volume={51},
  number={1},
  pages={105--116},
  year={1994},
  publisher={Elsevier}
}

@article{kusiak2010design,
  title={Design of wind farm layout for maximum wind energy capture},
  author={Kusiak, Andrew and Song, Zhe},
  journal={Renewable energy},
  volume={35},
  number={3},
  pages={685--694},
  year={2010},
  publisher={Elsevier}
}

@article{saavedra2011seeding,
  title={Seeding evolutionary algorithms with heuristics for optimal wind turbines positioning in wind farms},
  author={Saavedra-Moreno, B and Salcedo-Sanz, S and Paniagua-Tineo, A and Prieto, L and Portilla-Figueras, A},
  journal={Renewable Energy},
  volume={36},
  number={11},
  pages={2838--2844},
  year={2011},
  publisher={Elsevier}
}

@article{hou2017combined,
  title={Combined optimization for offshore wind turbine micro siting},
  author={Hou, Peng and Hu, Weihao and Soltani, Mohsen and Chen, Cong and Chen, Zhe},
  journal={Applied energy},
  volume={189},
  pages={271--282},
  year={2017},
  publisher={Elsevier}
}

@article{shafiee2015maintenance,
  title={Maintenance logistics organization for offshore wind energy: Current progress and future perspectives},
  author={Shafiee, Mahmood},
  journal={Renewable Energy},
  volume={77},
  pages={182--193},
  year={2015},
  publisher={Elsevier}
}

@article{gabrel2014recent,
  title={Recent advances in robust optimization: An overview},
  author={Gabrel, Virginie and Murat, C{\'e}cile and Thiele, Aur{\'e}lie},
  journal={European Journal of Operational Research},
  volume={235},
  number={3},
  pages={471--483},
  year={2014},
  publisher={Elsevier}
}

@article{burke2010multi,
  title={A multi-objective approach for robust airline scheduling},
  author={Burke, Edmund K and De Causmaecker, Patrick and De Maere, Geert and Mulder, Jeroen and Paelinck, Marc and Berghe, Greet Vanden},
  journal={Computers \& Operations Research},
  volume={37},
  number={5},
  pages={822--832},
  year={2010},
  publisher={Elsevier}
}

@article{goren2008robustness,
  title={Robustness and stability measures for scheduling: single-machine environment},
  author={Goren, Selcuk and Sabuncuoglu, Ihsan},
  journal={IIE Transactions},
  volume={40},
  number={1},
  pages={66--83},
  year={2008},
  publisher={Taylor \& Francis}
}

@article{iancu2013pareto,
  title={Pareto efficiency in robust optimization},
  author={Iancu, Dan A and Trichakis, Nikolaos},
  journal={Management Science},
  volume={60},
  number={1},
  pages={130--147},
  year={2013},
  publisher={INFORMS}
}

@article{dentcheva2010robust,
  title={Robust stochastic dominance and its application to risk-averse optimization},
  author={Dentcheva, Darinka and Ruszczy{\'n}ski, Andrzej},
  journal={Mathematical Programming},
  volume={123},
  number={1},
  pages={85},
  year={2010},
  publisher={Springer}
}

@incollection{nemhauser1999integer,
  title={Integer programming and combinatorial optimization},
  author={Nemhauser, George and Wolsey, L},
  booktitle={Wiley, 1988},
  year={1999},
  publisher={Springer}
}

@book{lee2011mixed,
  title={Mixed integer nonlinear programming},
  author={Lee, Jon and Leyffer, Sven},
  volume={154},
  year={2011},
  publisher={Springer Science \& Business Media}
}

@book{law2000simulation,
  title={Simulation modeling and analysis},
  author={Law, Averill M and Kelton, W David and Kelton, W David},
  volume={3},
  year={2000},
  publisher={McGraw-Hill New York}
}

@book{robinson2010conceptual,
  title={Conceptual modeling for discrete-event simulation},
  author={Robinson, Stewart and Brooks, Roger and Kotiadis, Kathy and Van Der Zee, Durk-Jouke},
  year={2010},
  publisher={CRC Press}
}

@article{irawan2019optimisation,
  title={An optimisation model for scheduling the decommissioning of an offshore wind farm},
  author={Irawan, Chandra Ade and Wall, Graham and Jones, Dylan},
  journal={OR Spectrum},
  volume={41},
  number={2},
  pages={513--548},
  year={2019},
  publisher={Springer}
}

@article{leontaris2018probabilistic,
  title={Probabilistic decision support for offshore wind operations},
  author={Leontaris, Georgios and Morales-N{\'a}poles, Oswaldo and Wolfert, ARM Rogier},
  jouranl={Probabilistic Safety Assessment and Management},
  volume={14},
  year={2019}
}

@article{leontaris2016probabilistic,
  title={Probabilistic scheduling of offshore operations using copula based environmental time series--An application for cable installation management for offshore wind farms},
  author={Leontaris, Georgios and Morales-N{\'a}poles, Oswaldo and Wolfert, ARM Rogier},
  journal={Ocean Engineering},
  volume={125},
  pages={328--341},
  year={2016},
  publisher={Elsevier}
}

@article{leontaris2019decision,
  title={Decision support for offshore asset construction using expert judgments for supply disruptions risk},
  author={Leontaris, Georgios and Morales-N{\'a}poles, Oswaldo and Dewan, Ashish and Wolfert, ARM Rogier},
  journal={Automation in Construction},
  volume={107},
  pages={102903},
  year={2019},
  publisher={Elsevier}
}

@article{staalhane2019optimizing,
  title={Optimizing vessel fleet size and mix to support maintenance operations at offshore wind farms},
  author={St{\aa}lhane, Magnus and Halvorsen-Weare, Elin E and Non{\aa}s, Lars Magne and Pantuso, Giovanni},
  journal={European Journal of Operational Research},
  volume={276},
  number={2},
  pages={495--509},
  year={2019},
  publisher={Elsevier}
}

@article{de2003integrating,
  title={Integrating simulation and optimisation in health care centre management},
  author={De Angelis, Vanda and Felici, Giovanni and Impelluso, Paolo},
  journal={European Journal of Operational Research},
  volume={150},
  number={1},
  pages={101--114},
  year={2003},
  publisher={Elsevier}
}

@article{bard2015integrating,
  title={Integrating optimisation and simulation approaches for daily scheduling of assembly and test operations},
  author={Bard, Jonathan F and Jia, Shihui and Chacon, Rodolfo and Stuber, John},
  journal={International Journal of Production Research},
  volume={53},
  number={9},
  pages={2617--2632},
  year={2015},
  publisher={Taylor \& Francis}
}

@incollection{hume1784enquiry,
  title={An enquiry concerning human understanding},
  author={Hume, David},
  year={1784},
}

@incollection{hume2016enquiry,
  title={An enquiry concerning human understanding},
  author={Hume, David},
  booktitle={Seven masterpieces of philosophy},
  pages={191--284},
  year={2016},
  publisher={Routledge}
}

@inproceedings{bhaskar1998critical,
  title={Critical realism},
  author={Bhaskar, Roy and Collier, A and Lawson, T and Norrie, A},
  booktitle={Proceedings of the Standing Conference on Realism and Human Sciences, Bristol, UK},
  volume={4},
  year={1998}
}

@book{archer2013critical,
  title={Critical realism: Essential readings},
  author={Archer, Margaret and Bhaskar, Roy and Collier, Andrew and Lawson, Tony and Norrie, Alan},
  year={2013},
  publisher={Routledge}
}

@inproceedings{besnard2011stochastic,
  title={A stochastic model for opportunistic maintenance planning of offshore wind farms},
  author={Besnard, Fran{\c{c}}ois and Patriksson, Michael and Str{\"o}mberg, Ann-Brith and Wojciechowski, Adam and Fischer, Katharina and Bertling, Lina},
  booktitle={2011 IEEE Trondheim PowerTech},
  pages={1--8},
  year={2011},
  organization={IEEE}
}

@article{dinwoodie2015reference,
  title={Reference cases for verification of operation and maintenance simulation models for offshore wind farms},
  author={Dinwoodie, Iain and Endrerud, Ole-Erik V and Hofmann, Matthias and Martin, Rebecca and Sperstad, Iver Bakken},
  journal={Wind Engineering},
  volume={39},
  number={1},
  pages={1--14},
  year={2015},
  publisher={SAGE Publications Sage UK: London, England}
}

@article{barlow2015exploring,
  title={Exploring the impact of innovative developments to the installation process for an offshore wind farm},
  author={Barlow, Euan and {\"O}zt{\"u}rk, Diclehan Tezcaner and Revie, Matthew and Boulougouris, Evangelos and Day, Alexander H and Akartunal{\i}, Kerem},
  journal={Ocean Engineering},
  volume={109},
  pages={623--634},
  year={2015},
  publisher={Elsevier}
}

@article{lacal2018offshore,
  title={Offshore wind installation: Analysing the evidence behind improvements in installation time},
  author={Lacal-Ar{\'a}ntegui, Roberto and Yusta, Jos{\'e} M and Dom{\'\i}nguez-Navarro, Jos{\'e} Antonio},
  journal={Renewable and Sustainable Energy Reviews},
  volume={92},
  pages={133--145},
  year={2018},
  publisher={Elsevier}
}